

@article{Parisi2017,
    author = {Parisi, G. I. and Tani, J. and Weber, C. and Wermter, S},
    title = {Lifelong Learning of Humans Actions with Deep Neural Network Self-Organization},
    journal = {Neural Networks},
    volume = {96},  
    pages = {137--149},
    year = {2017}
}

@inproceedings{Parisi2018,
    author = {Parisi, G.I. and Tani, J. and Weber, C. and Wermter, S},
    title = {Lifelong Learning of Spatiotemporal Representations with Dual-Memory Recurrent Self-Organization},
    booktitle = {arXiv:1805.10966},
    year = {2018}
}

@article{Marsland2002,
    author = {Marsland, S. and Shapiro, J. and Nehmzow, U},
    title = {A self-organising network that grows when required},
    journal = {Neural Networks},
    volume = {15},
    number = {8--9},   
    pages = {1041--1058},
    year = {2002}
}

@inproceedings{vannucci2018robot,
  title={A robot with style: can robotic attitudes influence human actions?},
  author={Vannucci, F and Di Cesare, G and Rea, F and Sandini, G and Sciutti, A},
  booktitle={2018 IEEE-RAS 18th International Conference on Humanoid Robots (Humanoids)},
  pages={1--6},
  year={2018},
  organization={IEEE}
}

@article{nagai2019predictive,
  title={Predictive learning: its key role in early cognitive development},
  author={Nagai, Yukie},
  journal={Philosophical Transactions of the Royal Society B},
  volume={374},
  number={1771},
  pages={20180030},
  year={2019},
  publisher={The Royal Society}
}

@article{cho2014learning,
  title={Learning phrase representations using RNN encoder-decoder for statistical machine translation},
  author={Cho, Kyunghyun and Van Merri{\"e}nboer, Bart and Gulcehre, Caglar and Bahdanau, Dzmitry and Bougares, Fethi and Schwenk, Holger and Bengio, Yoshua},
  journal={arXiv preprint arXiv:1406.1078},
  year={2014}
}

@article{zhao2003face,
  title={Face recognition: A literature survey},
  author={Zhao, Wenyi and Chellappa, Rama and Phillips, P Jonathon and Rosenfeld, Azriel},
  journal={ACM computing surveys (CSUR)},
  volume={35},
  number={4},
  pages={399--458},
  year={2003},
  publisher={ACM}
}

@article{schmidhuber2015deep,
  title={Deep learning in neural networks: An overview},
  author={Schmidhuber, J{\"u}rgen},
  journal={Neural networks},
  volume={61},
  pages={85--117},
  year={2015},
  publisher={Elsevier}
}

@article{sariyanidi2015automatic,
  title={Automatic analysis of facial affect: A survey of registration, representation, and recognition},
  author={Sariyanidi, Evangelos and Gunes, Hatice and Cavallaro, Andrea},
  journal={IEEE transactions on pattern analysis and machine intelligence},
  volume={37},
  number={6},
  pages={1113--1133},
  year={2015},
  publisher={IEEE}
}

@article{mehta2018facial,
  title={Facial Emotion Recognition: A Survey and Real-World User Experiences in Mixed Reality},
  author={Mehta, Dhwani and Siddiqui, Mohammad Faridul Haque and Javaid, Ahmad Y},
  journal={Sensors},
  volume={18},
  number={2},
  pages={416},
  year={2018},
  publisher={Multidisciplinary Digital Publishing Institute}
}

@article{soleymani2017survey,
  title={A survey of multimodal sentiment analysis},
  author={Soleymani, Mohammad and Garcia, David and Jou, Brendan and Schuller, Bj{\"o}rn and Chang, Shih-Fu and Pantic, Maja},
  journal={Image and Vision Computing},
  volume={65},
  pages={3--14},
  year={2017},
  publisher={Elsevier}
}

@inproceedings{ng2015deep,
  title={Deep learning for emotion recognition on small datasets using transfer learning},
  author={Ng, Hong-Wei and Nguyen, Viet Dung and Vonikakis, Vassilios and Winkler, Stefan},
  booktitle={Proceedings of the 2015 ACM on international conference on multimodal interaction},
  pages={443--449},
  year={2015},
  organization={ACM}
}

@article{kaya2017video,
  title={Video-based emotion recognition in the wild using deep transfer learning and score fusion},
  author={Kaya, Heysem and G{\"u}rp{\i}nar, Furkan and Salah, Albert Ali},
  journal={Image and Vision Computing},
  volume={65},
  pages={66--75},
  year={2017},
  publisher={Elsevier}
}

@inproceedings{ding2017facenet2expnet,
  title={Facenet2expnet: Regularizing a deep face recognition net for expression recognition},
  author={Ding, Hui and Zhou, Shaohua Kevin and Chellappa, Rama},
  booktitle={Automatic Face \& Gesture Recognition (FG 2017), 2017 12th IEEE International Conference on},
  pages={118--126},
  year={2017},
  organization={IEEE}
}

@article{pons2018supervised,
  title={Supervised Committee of Convolutional Neural networks in automated facial expression analysis},
  author={Pons, Gerard and Masip, David},
  journal={IEEE Transactions on Affective Computing},
  volume={9},
  number={3},
  pages={343--350},
  year={2018},
  publisher={IEEE}
}

@inproceedings{zen2014unsupervised,
  title={Unsupervised domain adaptation for personalized facial emotion recognition},
  author={Zen, Gloria and Sangineto, Enver and Ricci, Elisa and Sebe, Nicu},
  booktitle={Proceedings of the 16th international conference on multimodal interaction},
  pages={128--135},
  year={2014},
  organization={ACM}
}

@article{kahou2016emonets,
  title={Emonets: Multimodal deep learning approaches for emotion recognition in video},
  author={Kahou, Samira Ebrahimi and Bouthillier, Xavier and Lamblin, Pascal and Gulcehre, Caglar and Michalski, Vincent and Konda, Kishore and Jean, S{\'e}bastien and Froumenty, Pierre and Dauphin, Yann and Boulanger-Lewandowski, Nicolas and others},
  journal={Journal on Multimodal User Interfaces},
  volume={10},
  number={2},
  pages={99--111},
  year={2016},
  publisher={Springer}
}

@article{adolphs2002recognizing,
  title={Recognizing emotion from facial expressions: psychological and neurological mechanisms},
  author={Adolphs, Ralph},
  journal={Behavioral and cognitive neuroscience reviews},
  volume={1},
  number={1},
  pages={21--62},
  year={2002},
  publisher={Sage Publications Sage CA: Thousand Oaks, CA}
}

@article{mayer1990perceiving,
  title={Perceiving affective content in ambiguous visual stimuli: A component of emotional intelligence},
  author={Mayer, John D and DiPaolo, Maria and Salovey, Peter},
  journal={Journal of personality assessment},
  volume={54},
  number={3-4},
  pages={772--781},
  year={1990},
  publisher={Taylor \& Francis}
}

@incollection{russell2017cross,
  title={Cross-Cultural Similarities and Differences in Affective Processing and Expression},
  author={Russell, James A},
  booktitle={Emotions and Affect in Human Factors and Human-Computer Interaction},
  pages={123--141},
  year={2017},
  publisher={Elsevier}
}

@article{sprengelmeyer1998neural,
  title={Neural structures associated with recognition of facial expressions of basic emotions},
  author={Sprengelmeyer, R and Rausch, Martin and Eysel, Ulf T and Przuntek, Horst},
  journal={Proceedings of the Royal Society of London B: Biological Sciences},
  volume={265},
  number={1409},
  pages={1927--1931},
  year={1998},
  publisher={The Royal Society}
}

@article{Hamann2004,
  title={Individual differences in emotion processing},
  author={Hamann, Stephan and Canli, Turhan},
  journal={Current opinion in neurobiology},
  volume={14},
  number={2},
  pages={233--238},
  year={2004},
  publisher={Elsevier}
}

@inproceedings{dhall2018emotiw,
  title={EmotiW 2018: Audio-Video, Student Engagement and Group-Level Affect Prediction},
  author={Dhall, Abhinav and Kaur, Amanjot and Goecke, Roland and Gedeon, Tom},
  booktitle={Proceedings of the 2018 on International Conference on Multimodal Interaction},
  pages={653--656},
  year={2018},
  organization={ACM}
}

@InProceedings\{BCLSSW18,
  author       = "Barros, Pablo and Churamani, Nikhil and Lakomkin, Egor and Siqueira, Henrique and Sutherland, Alexander and Wermter, Stefan",
  title        = "The OMG-Emotion Behavior Dataset",
  booktitle    = "Proceedings of the International Joint Conference on Neural Networks (IJCNN 2018) ",
  pages        = "1408--1414",
  month        = "Jul",
  year         = "2018",
  publisher    = "IEEE",
  doi          = "arXiv:1803.05434v2",
}

@article{mollahosseini2017affectnet,
  title={Affectnet: A database for facial expression, valence, and arousal computing in the wild},
  author={Mollahosseini, Ali and Hasani, Behzad and Mahoor, Mohammad H},
  journal={arXiv preprint arXiv:1708.03985},
  year={2017}
}

@article{zadeh2016multimodal,
  title={Multimodal sentiment intensity analysis in videos: Facial gestures and verbal messages},
  author={Zadeh, Amir and Zellers, Rowan and Pincus, Eli and Morency, Louis-Philippe},
  journal={IEEE Intelligent Systems},
  volume={31},
  number={6},
  pages={82--88},
  year={2016},
  publisher={IEEE}
}

@inproceedings{kollias2018training,
  title={Training Deep Neural Networks with Different Datasets In-the-wild: The Emotion Recognition Paradigm},
  author={Kollias, Dimitrios and Zafeiriou, Stefanos},
  booktitle={2018 International Joint Conference on Neural Networks (IJCNN)},
  pages={1--8},
  year={2018},
  organization={IEEE}
}

@inproceedings{de2017face,
  title={Face Analysis in the Wild},
  author={de Bittencourt Zavan, Flavio Henrique and Gasparin, Nathaly and Batista, J{\'u}lio C{\'e}sar and e Silva, Luan Porf{\'\i}rio and Albiero, V{\'\i}tor and Bellon, Olga Regina Pereira and Silva, Luciano},
  booktitle={Graphics, Patterns and Images Tutorials (SIBGRAPI-T), 2017 30th SIBGRAPI Conference on},
  pages={9--16},
  year={2017},
  organization={IEEE}
}

@inproceedings{chen2014linear,
  title={Linear regression-based adaptation of music emotion recognition models for personalization},
  author={Chen, Yu-An and Wang, Ju-Chiang and Yang, Yi-Hsuan and Chen, Homer},
  booktitle={Acoustics, Speech and Signal Processing (ICASSP), 2014 IEEE International Conference on},
  pages={2149--2153},
  year={2014},
  organization={IEEE}
}

@article{valenza2014revealing,
  title={Revealing real-time emotional responses: a personalized assessment based on heartbeat dynamics},
  author={Valenza, Gaetano and Citi, Luca and Lanat{\'a}, Antonio and Scilingo, Enzo Pasquale and Barbieri, Riccardo},
  journal={Scientific reports},
  volume={4},
  pages={4998},
  year={2014},
  publisher={Nature Publishing Group}
}

@inproceedings{barros2017self,
  title={A self-organizing model for affective memory},
  author={Barros, Pablo and Wermter, Stefan},
  booktitle={Neural Networks (IJCNN), 2017 International Joint Conference on},
  pages={31--38},
  year={2017},
  organization={IEEE}
}

@article{kim2017deep,
  title={Deep generative-contrastive networks for facial expression recognition},
  author={Kim, Youngsung and Yoo, ByungIn and Kwak, Youngjun and Choi, Changkyu and Kim, Junmo},
  journal={arXiv preprint arXiv:1703.07140},
  year={2017}
}

@article{saha2018unsupervised,
  title={Unsupervised Deep Representations for Learning Audience Facial Behaviors},
  author={Saha, Suman and Navarathna, Rajitha and Helminger, Leonhard and Weber, Romann M},
  journal={arXiv preprint arXiv:1805.04136},
  year={2018}
}

@article{jack2014dynamic,
  title={Dynamic facial expressions of emotion transmit an evolving hierarchy of signals over time},
  author={Jack, Rachael E and Garrod, Oliver GB and Schyns, Philippe G},
  journal={Current biology},
  volume={24},
  number={2},
  pages={187--192},
  year={2014},
  publisher={Elsevier}
}

@article{parkinson2015current,
  title={Current emotion research in social psychology: Thinking about emotions and other people},
  author={Parkinson, Brian and Manstead, Antony SR},
  journal={Emotion Review},
  volume={7},
  number={4},
  pages={371--380},
  year={2015},
  publisher={Sage Publications Sage UK: London, England}
}

@article{nook2015new,
  title={A new look at emotion perception: Concepts speed and shape facial emotion recognition.},
  author={Nook, Erik C and Lindquist, Kristen A and Zaki, Jamil},
  journal={Emotion},
  volume={15},
  number={5},
  pages={569},
  year={2015},
  publisher={American Psychological Association}
}

@article{huang2018high,
  title={High-quality face image generated with conditional boundary equilibrium generative adversarial networks},
  author={Huang, Bin and Chen, Weihai and Wu, Xingming and Lin, Chun-Liang and Suganthan, Ponnuthurai Nagaratnam},
  journal={Pattern Recognition Letters},
  volume={111},
  pages={72--79},
  year={2018},
  publisher={Elsevier}
}

@inproceedings{wang2018facial,
  title={Facial Expression Synthesis by U-Net Conditional Generative Adversarial Networks},
  author={Wang, Xueping and Li, Weixin and Mu, Guodong and Huang, Di and Wang, Yunhong},
  booktitle={Proceedings of the 2018 ACM on International Conference on Multimedia Retrieval},
  pages={283--290},
  year={2018},
  organization={ACM}
}

@inproceedings{zhang2017age,
  title={Age progression/regression by conditional adversarial autoencoder},
  author={Zhang, Zhifei and Song, Yang and Qi, Hairong},
  booktitle={The IEEE Conference on Computer Vision and Pattern Recognition (CVPR)},
  volume={2},
  year={2017}
}

@inproceedings{mahendran2015understanding,
  title={Understanding deep image representations by inverting them},
  author={Mahendran, Aravindh and Vedaldi, Andrea},
  booktitle={Proceedings of the IEEE conference on computer vision and pattern recognition},
  pages={5188--5196},
  year={2015}
}

@article{ding2017exprgan,
  title={Exprgan: Facial expression editing with controllable expression intensity},
  author={Ding, Hui and Sricharan, Kumar and Chellappa, Rama},
  journal={arXiv preprint arXiv:1709.03842},
  year={2017}
}

@article{song2017geometry,
  title={Geometry guided adversarial facial expression synthesis},
  author={Song, Lingxiao and Lu, Zhihe and He, Ran and Sun, Zhenan and Tan, Tieniu},
  journal={arXiv preprint arXiv:1712.03474},
  year={2017}
}

@article{radford2015unsupervised,
  title={Unsupervised representation learning with deep convolutional generative adversarial networks},
  author={Radford, Alec and Metz, Luke and Chintala, Soumith},
  journal={arXiv preprint arXiv:1511.06434},
  year={2015}
}

@inproceedings{parkhi2015deep,
  title={Deep face recognition.},
  author={Parkhi, Omkar M and Vedaldi, Andrea and Zisserman, Andrew and others},
  booktitle={BMVC},
  volume={1},
  number={3},
  pages={6},
  year={2015}
}

@inproceedings{bergstra2013hyperopt,
  title={Hyperopt: A python library for optimizing the hyperparameters of machine learning algorithms},
  author={Bergstra, James and Yamins, Dan and Cox, David D},
  booktitle={Proceedings of the 12th Python in Science Conference},
  pages={13--20},
  year={2013},
  organization={Citeseer}
}

@article{maltoni2018continuous,
  title={Continuous learning in single-incremental-task scenarios},
  author={Maltoni, Davide and Lomonaco, Vincenzo},
  journal={arXiv preprint arXiv:1806.08568},
  year={2018}
}

@article{flesch2018comparing,
  title={Comparing continual task learning in minds and machines},
  author={Flesch, Timo and Balaguer, Jan and Dekker, Ronald and Nili, Hamed and Summerfield, Christopher},
  journal={Proceedings of the National Academy of Sciences},
  volume={115},
  number={44},
  pages={E10313--E10322},
  year={2018},
  publisher={National Acad Sciences}
}

@phdthesis{feffer2018personalized,
  title={Personalized machine learning for facial expression analysis},
  author={Feffer, Michael Anthony and others},
  year={2018},
  school={Massachusetts Institute of Technology}
}

@article{zheng2018multimodal,
  title={Multimodal Emotion Recognition for One-Minute-Gradual Emotion Challenge},
  author={Zheng, Ziqi and Cao, Chenjie and Chen, Xingwei and Xu, Guoqiang},
  journal={arXiv preprint arXiv:1805.01060},
  year={2018}
}
@article{peng2018deep,
  title={A Deep Network for Arousal-Valence Emotion Prediction with Acoustic-Visual Cues},
  author={Peng, Songyou and Zhang, Le and Ban, Yutong and Fang, Meng and Winkler, Stefan},
  journal={arXiv preprint arXiv:1805.00638},
  year={2018}
}

@article{deng2018multimodal,
  title={Multimodal Utterance-level Affect Analysis using Visual, Audio and Text Features},
  author={Deng, Didan and Zhou, Yuqian and Pi, Jimin and Shi, Bertram E},
  journal={arXiv preprint arXiv:1805.00625},
  year={2018}
}

@inproceedings{zhou2016learning,
  title={Learning deep features for discriminative localization},
  author={Zhou, Bolei and Khosla, Aditya and Lapedriza, Agata and Oliva, Aude and Torralba, Antonio},
  booktitle={Proceedings of the IEEE Conference on Computer Vision and Pattern Recognition},
  pages={2921--2929},
  year={2016}
}

@article{lawrence1989concordance,
  title={A concordance correlation coefficient to evaluate reproducibility},
  author={Lawrence, I and Lin, Kuei},
  journal={Biometrics},
  pages={255--268},
  year={1989},
  publisher={JSTOR}
}

@inproceedings{krizhevsky2012imagenet,
  title={Imagenet classification with deep convolutional neural networks},
  author={Krizhevsky, Alex and Sutskever, Ilya and Hinton, Geoffrey E},
  booktitle={Advances in neural information processing systems},
  pages={1097--1105},
  year={2012}
}

@article{effron2006embodied,
  title={Embodied temporal perception of emotion.},
  author={Effron, Daniel A and Niedenthal, Paula M and Gil, Sandrine and Droit-Volet, Sylvie},
  journal={Emotion},
  volume={6},
  number={1},
  pages={1},
  year={2006},
  publisher={American Psychological Association}
}

@article{chronaki2015development,
  title={The development of emotion recognition from facial expressions and non-linguistic vocalizations during childhood},
  author={Chronaki, Georgia and Hadwin, Julie A and Garner, Matthew and Maurage, Pierre and Sonuga-Barke, Edmund JS},
  journal={British Journal of Developmental Psychology},
  volume={33},
  number={2},
  pages={218--236},
  year={2015},
  publisher={Wiley Online Library}
}

@article{lang1997motivated,
  title={Motivated attention: Affect, activation, and action},
  author={Lang, Peter J and Bradley, Margaret M and Cuthbert, Bruce N and others},
  journal={Attention and orienting: Sensory and motivational processes},
  volume={97},
  pages={135},
  year={1997},
  publisher={Hillsdale, NJ}
}

@article{hatfield1993emotional,
  title={Emotional contagion},
  author={Hatfield, Elaine and Cacioppo, John T and Rapson, Richard L},
  journal={Current directions in psychological science},
  volume={2},
  number={3},
  pages={96--100},
  year={1993},
  publisher={Sage Publications Sage CA: Los Angeles, CA}
}

@article{hao2017enhancing,
  title={Enhancing creativity: Proper body posture meets proper emotion},
  author={Hao, Ning and Xue, Hua and Yuan, Huan and Wang, Qing and Runco, Mark A},
  journal={Acta psychologica},
  volume={173},
  pages={32--40},
  year={2017},
  publisher={Elsevier}
}

@article{ochsner2008cognitive,
  title={Cognitive emotion regulation: Insights from social cognitive and affective neuroscience},
  author={Ochsner, Kevin N and Gross, James J},
  journal={Current directions in psychological science},
  volume={17},
  number={2},
  pages={153--158},
  year={2008},
  publisher={SAGE Publications Sage CA: Los Angeles, CA}
}

@article{crossman2018influence,
  title={The influence of a socially assistive robot on mood, anxiety, and arousal in children.},
  author={Crossman, Molly K and Kazdin, Alan E and Kitt, Elizabeth R},
  journal={Professional Psychology: Research and Practice},
  volume={49},
  number={1},
  pages={48},
  year={2018},
  publisher={American Psychological Association}
}

@article{chen2018softmax,
  title={Softmax regression based deep sparse autoencoder network for facial emotion recognition in human-robot interaction},
  author={Chen, Luefeng and Zhou, Mengtian and Su, Wanjuan and Wu, Min and She, Jinhua and Hirota, Kaoru},
  journal={Information Sciences},
  volume={428},
  pages={49--61},
  year={2018},
  publisher={Elsevier}
}

@article{bisio2014motor,
  title={Motor contagion during human-human and human-robot interaction},
  author={Bisio, Ambra and Sciutti, Alessandra and Nori, Francesco and Metta, Giorgio and Fadiga, Luciano and Sandini, Giulio and Pozzo, Thierry},
  journal={PloS one},
  volume={9},
  number={8},
  pages={e106172},
  year={2014},
  publisher={Public Library of Science}
}

@article{sariyanidi2014automatic,
  title={Automatic analysis of facial affect: A survey of registration, representation, and recognition},
  author={Sariyanidi, Evangelos and Gunes, Hatice and Cavallaro, Andrea},
  journal={IEEE transactions on pattern analysis and machine intelligence},
  volume={37},
  number={6},
  pages={1113--1133},
  year={2014},
  publisher={IEEE}
}

@article{hirokawa2018adaptive,
  title={Adaptive behavior acquisition of a robot based on affective feedback and improvised teleoperation},
  author={Hirokawa, Masakazu and Funahashi, Atsushi and Itoh, Yasushi and Suzuki, Kenji},
  journal={IEEE Transactions on Cognitive and Developmental Systems},
  year={2018},
  publisher={IEEE}
}

@article{chen2018wearable,
  title={Wearable affective robot},
  author={Chen, Min and Zhou, Jun and Tao, Guangming and Yang, Jun and Hu, Long},
  journal={IEEE Access},
  volume={6},
  pages={64766--64776},
  year={2018},
  publisher={IEEE}
}

@article{van2018generic,
  title={Generic method for generating blended gestures and affective functional behaviors for social robots},
  author={Van de Perre, Greet and Cao, Hoang-Long and De Beir, Albert and Esteban, Pablo G{\'o}mez and Lefeber, Dirk and Vanderborght, Bram},
  journal={Autonomous Robots},
  volume={42},
  number={3},
  pages={569--580},
  year={2018},
  publisher={Springer}
}

@inproceedings{tuyen2018emotional,
  title={Emotional Bodily Expressions for Culturally Competent Robots through Long Term Human-Robot Interaction},
  author={Tuyen, Nguyen Tan Viet and Jeong, Sungmoon and Chong, Nak Young},
  booktitle={2018 IEEE/RSJ International Conference on Intelligent Robots and Systems (IROS)},
  pages={2008--2013},
  year={2018},
  organization={IEEE}
}

@article{leite2013social,
  title={Social robots for long-term interaction: a survey},
  author={Leite, Iolanda and Martinho, Carlos and Paiva, Ana},
  journal={International Journal of Social Robotics},
  volume={5},
  number={2},
  pages={291--308},
  year={2013},
  publisher={Springer}
}

@inproceedings{metta2008icub,
  title={The iCub humanoid robot: an open platform for research in embodied cognition},
  author={Metta, Giorgio and Sandini, Giulio and Vernon, David and Natale, Lorenzo and Nori, Francesco},
  booktitle={Proceedings of the 8th workshop on performance metrics for intelligent systems},
  pages={50--56},
  year={2008},
  organization={ACM}
}

@inproceedings{sanghvi2011automatic,
  title={Automatic analysis of affective postures and body motion to detect engagement with a game companion},
  author={Sanghvi, Jyotirmay and Castellano, Ginevra and Leite, Iolanda and Pereira, Andr{\'e} and McOwan, Peter W and Paiva, Ana},
  booktitle={Proceedings of the 6th international conference on Human-robot interaction},
  pages={305--312},
  year={2011},
  organization={ACM}
}

@inproceedings{sidner2004look,
  title={Where to look: a study of human-robot engagement},
  author={Sidner, Candace L and Kidd, Cory D and Lee, Christopher and Lesh, Neal},
  booktitle={Proceedings of the 9th international conference on Intelligent user interfaces},
  pages={78--84},
  year={2004},
  organization={ACM}
}

@inproceedings{chandrasekaran2015human,
  title={Human-robot collaboration: A survey},
  author={Chandrasekaran, Balasubramaniyan and Conrad, James M},
  booktitle={SoutheastCon 2015},
  pages={1--8},
  year={2015},
  organization={IEEE}
}

@inproceedings{churamani2018learning,
  title={Learning empathy-driven emotion expressions using affective modulations},
  author={Churamani, Nikhil and Barros, Pablo and Strahl, Erik and Wermter, Stefan},
  booktitle={2018 International Joint Conference on Neural Networks (IJCNN)},
  pages={1--8},
  year={2018},
  organization={IEEE}
}

@article{barros2016developing,
  title={Developing crossmodal expression recognition based on a deep neural model},
  author={Barros, Pablo and Wermter, Stefan},
  journal={Adaptive behavior},
  volume={24},
  number={5},
  pages={373--396},
  year={2016},
  publisher={SAGE Publications Sage UK: London, England}
}


@article{asch1946forming,
  title={Forming impressions of personality.},
  author={Asch, Solomon E},
  journal={The Journal of Abnormal and Social Psychology},
  volume={41},
  number={3},
  pages={258},
  year={1946},
  publisher={American Psychological Association}
}

@article{bartneck2009measurement,
  title={Measurement instruments for the anthropomorphism, animacy, likeability, perceived intelligence, and perceived safety of robots},
  author={Bartneck, Christoph and Kuli{\'c}, Dana and Croft, Elizabeth and Zoghbi, Susana},
  journal={International journal of social robotics},
  volume={1},
  number={1},
  pages={71--81},
  year={2009},
  publisher={Springer}
}

@article{barros2019towards,
  title={Towards Learning How to Properly Play UNO with the iCub Robot},
  author={Barros, Pablo and Wermter, Stefan and Sciutti, Alessandra},
  journal={arXiv preprint arXiv:1908.00744},
  year={2019}
}


@article{franklin2013lida,
  title={LIDA: A systems-level architecture for cognition, emotion, and learning},
  author={Franklin, Stan and Madl, Tamas and D’mello, Sidney and Snaider, Javier},
  journal={IEEE Transactions on Autonomous Mental Development},
  volume={6},
  number={1},
  pages={19--41},
  year={2013},
  publisher={IEEE}
}

@inproceedings{tanevska2018designing,
  title={Designing an Affective Cognitive Architecture for Human-Humanoid Interaction},
  author={Tanevska, Ana and Rea, Francesco and Sandini, Giulio and Sciutti, Alessandra},
  booktitle={Companion of the 2018 ACM/IEEE International Conference on Human-Robot Interaction},
  pages={253--254},
  year={2018},
  organization={ACM}
}

@article{barakova2015automatic,
  title={Automatic interpretation of affective facial expressions in the context of interpersonal interaction},
  author={Barakova, Emilia I and Gorbunov, Roman and Rauterberg, Matthias},
  journal={IEEE transactions on human-machine systems},
  volume={45},
  number={4},
  pages={409--418},
  year={2015},
  publisher={IEEE}
}

@inproceedings{gorbunov2017memory,
  title={Memory effect in expressed emotions during long term group interactions},
  author={Gorbunov, Roman and Barakova, Emilia I and Rauterberg, Matthias},
  booktitle={International Work-Conference on the Interplay Between Natural and Artificial Computation},
  pages={254--264},
  year={2017},
  organization={Springer}
}

@article{brockman2016openai,
  title={Openai gym},
  author={Brockman, Greg and Cheung, Vicki and Pettersson, Ludwig and Schneider, Jonas and Schulman, John and Tang, Jie and Zaremba, Wojciech},
  journal={arXiv preprint arXiv:1606.01540},
  year={2016}
}

@article{cullen2018active,
  title={Active inference in openai gym: A paradigm for computational investigations into psychiatric illness},
  author={Cullen, Maell and Davey, Ben and Friston, Karl J and Moran, Rosalyn J},
  journal={Biological psychiatry: cognitive neuroscience and neuroimaging},
  volume={3},
  number={9},
  pages={809--818},
  year={2018},
  publisher={Elsevier}
}

@inproceedings{torrado2018deep,
  title={Deep reinforcement learning for general video game ai},
  author={Torrado, Ruben Rodriguez and Bontrager, Philip and Togelius, Julian and Liu, Jialin and Perez-Liebana, Diego},
  booktitle={2018 IEEE Conference on Computational Intelligence and Games (CIG)},
  pages={1--8},
  year={2018},
  organization={IEEE}
}

@article{zamora2016extending,
  title={Extending the openai gym for robotics: a toolkit for reinforcement learning using ros and gazebo},
  author={Zamora, Iker and Lopez, Nestor Gonzalez and Vilches, Victor Mayoral and Cordero, Alejandro Hernandez},
  journal={arXiv preprint arXiv:1608.05742},
  year={2016}
}

@inproceedings{shi2019pyrecgym,
  title={PyRecGym: a reinforcement learning gym for recommender systems},
  author={Shi, Bichen and Ozsoy, Makbule Gulcin and Hurley, Neil and Smyth, Barry and Tragos, Elias Z and Geraci, James and Lawlor, Aonghus},
  booktitle={Proceedings of the 13th ACM Conference on Recommender Systems},
  pages={491--495},
  year={2019}
}

@misc{barros2020food,
    title={It's Food Fight! Introducing the Chef's Hat Card Game for Affective-Aware HRI},
    author={Pablo Barros and Alessandra Sciutti and Inge M. Hootsmans and Lena M. Opheij and Romain H. A. Toebosch and Emilia Barakova},
    year={2020},
    eprint={2002.11458},
    archivePrefix={arXiv},
    primaryClass={cs.HC}
}

@inproceedings{van2016deep,
  title={Deep reinforcement learning with double q-learning},
  author={Van Hasselt, Hado and Guez, Arthur and Silver, David},
  booktitle={Thirtieth AAAI conference on artificial intelligence},
  year={2016}
}

@article{schulman2017proximal,
  title={Proximal policy optimization algorithms},
  author={Schulman, John and Wolski, Filip and Dhariwal, Prafulla and Radford, Alec and Klimov, Oleg},
  journal={arXiv preprint arXiv:1707.06347},
  year={2017}
}

@article{williams1992simple,
  title={Simple statistical gradient-following algorithms for connectionist reinforcement learning},
  author={Williams, Ronald J},
  journal={Machine learning},
  volume={8},
  number={3-4},
  pages={229--256},
  year={1992},
  publisher={Springer}
}

@inproceedings{hester2018deep,
  title={Deep q-learning from demonstrations},
  author={Hester, Todd and Vecerik, Matej and Pietquin, Olivier and Lanctot, Marc and Schaul, Tom and Piot, Bilal and Horgan, Dan and Quan, John and Sendonaris, Andrew and Osband, Ian and others},
  booktitle={Thirty-Second AAAI Conference on Artificial Intelligence},
  year={2018}
}

@inproceedings{hausknecht2015deep,
  title={Deep recurrent q-learning for partially observable mdps},
  author={Hausknecht, Matthew and Stone, Peter},
  booktitle={2015 AAAI Fall Symposium Series},
  year={2015}
}

@article{meng2019qualitative,
  title={Qualitative Measurements of Policy Discrepancy for Return-based Deep Q-Network},
  author={Meng, Wenjia and Zheng, Qian and Yang, Long and Li, Pengfei and Pan, Gang},
  journal={IEEE transactions on neural networks and learning systems},
  year={2019},
  publisher={IEEE}
}

@article{bansal2017emergent,
  title={Emergent complexity via multi-agent competition},
  author={Bansal, Trapit and Pachocki, Jakub and Sidor, Szymon and Sutskever, Ilya and Mordatch, Igor},
  journal={arXiv preprint arXiv:1710.03748},
  year={2017}
}

@incollection{kidzinski2018learning,
  title={Learning to Run challenge solutions: Adapting reinforcement learning methods for neuromusculoskeletal environments},
  author={Kidzi{\'n}ski, {\L}ukasz and Mohanty, Sharada Prasanna and Ong, Carmichael F and Huang, Zhewei and Zhou, Shuchang and Pechenko, Anton and Stelmaszczyk, Adam and Jarosik, Piotr and Pavlov, Mikhail and Kolesnikov, Sergey and others},
  booktitle={The NIPS'17 Competition: Building Intelligent Systems},
  pages={121--153},
  year={2018},
  publisher={Springer}
}


@article{sandini2018social,
  title={Social Cognition for Human-Robot Symbiosis—Challenges and Building Blocks},
  author={Sandini, Giulio and Mohan, Vishwanathan and Sciutti, Alessandra and Morasso, Pietro},
  journal={Frontiers in neurorobotics},
  volume={12},
  pages={34},
  year={2018},
  publisher={Frontiers}
}

@book{gulli2017deep,
  title={Deep learning with Keras},
  author={Gulli, Antonio and Pal, Sujit},
  year={2017},
  publisher={Packt Publishing Ltd}
}

@article{mnih2015human,
  title={Human-level control through deep reinforcement learning},
  author={Mnih, Volodymyr and Kavukcuoglu, Koray and Silver, David and Rusu, Andrei A and Veness, Joel and Bellemare, Marc G and Graves, Alex and Riedmiller, Martin and Fidjeland, Andreas K and Ostrovski, Georg and others},
  journal={Nature},
  volume={518},
  number={7540},
  pages={529--533},
  year={2015},
  publisher={Nature Publishing Group}
}

@inproceedings{hessel2018rainbow,
  title={Rainbow: Combining improvements in deep reinforcement learning},
  author={Hessel, Matteo and Modayil, Joseph and Van Hasselt, Hado and Schaul, Tom and Ostrovski, Georg and Dabney, Will and Horgan, Dan and Piot, Bilal and Azar, Mohammad and Silver, David},
  booktitle={Thirty-Second AAAI Conference on Artificial Intelligence},
  year={2018}
}

@inproceedings{henderson2018deep,
  title={Deep reinforcement learning that matters},
  author={Henderson, Peter and Islam, Riashat and Bachman, Philip and Pineau, Joelle and Precup, Doina and Meger, David},
  booktitle={Thirty-Second AAAI Conference on Artificial Intelligence},
  year={2018}
}

@article{silver2018general,
  title={A general reinforcement learning algorithm that masters chess, shogi, and Go through self-play},
  author={Silver, David and Hubert, Thomas and Schrittwieser, Julian and Antonoglou, Ioannis and Lai, Matthew and Guez, Arthur and Lanctot, Marc and Sifre, Laurent and Kumaran, Dharshan and Graepel, Thore and others},
  journal={Science},
  volume={362},
  number={6419},
  pages={1140--1144},
  year={2018},
  publisher={American Association for the Advancement of Science}
}

@article{wang2016does,
  title={Where does AlphaGo go: From church-turing thesis to AlphaGo thesis and beyond},
  author={Wang, Fei-Yue and Zhang, Jun Jason and Zheng, Xinhu and Wang, Xiao and Yuan, Yong and Dai, Xiaoxiao and Zhang, Jie and Yang, Liuqing},
  journal={IEEE/CAA Journal of Automatica Sinica},
  volume={3},
  number={2},
  pages={113--120},
  year={2016},
  publisher={IEEE}
}

@article{mnih2013playing,
  title={Playing atari with deep reinforcement learning},
  author={Mnih, Volodymyr and Kavukcuoglu, Koray and Silver, David and Graves, Alex and Antonoglou, Ioannis and Wierstra, Daan and Riedmiller, Martin},
  journal={arXiv preprint arXiv:1312.5602},
  year={2013}
}

@article{lillicrap2015continuous,
  title={Continuous control with deep reinforcement learning},
  author={Lillicrap, Timothy P and Hunt, Jonathan J and Pritzel, Alexander and Heess, Nicolas and Erez, Tom and Tassa, Yuval and Silver, David and Wierstra, Daan},
  journal={arXiv preprint arXiv:1509.02971},
  year={2015}
}

@article{sallab2017deep,
  title={Deep reinforcement learning framework for autonomous driving},
  author={Sallab, Ahmad EL and Abdou, Mohammed and Perot, Etienne and Yogamani, Senthil},
  journal={Electronic Imaging},
  volume={2017},
  number={19},
  pages={70--76},
  year={2017},
  publisher={Society for Imaging Science and Technology}
}

@inproceedings{isele2018navigating,
  title={Navigating occluded intersections with autonomous vehicles using deep reinforcement learning},
  author={Isele, David and Rahimi, Reza and Cosgun, Akansel and Subramanian, Kaushik and Fujimura, Kikuo},
  booktitle={2018 IEEE International Conference on Robotics and Automation (ICRA)},
  pages={2034--2039},
  year={2018},
  organization={IEEE}
}

@article{ponomarev2019using,
  title={Using Reinforcement Learning in the Algorithmic Trading Problem},
  author={Ponomarev, ES and Oseledets, IV and Cichocki, AS},
  journal={Journal of Communications Technology and Electronics},
  volume={64},
  number={12},
  pages={1450--1457},
  year={2019},
  publisher={Springer}
}

@article{meng2019reinforcement,
  title={Reinforcement Learning in Financial Markets},
  author={Meng, Terry Lingze and Khushi, Matloob},
  journal={Data},
  volume={4},
  number={3},
  pages={110},
  year={2019},
  publisher={Multidisciplinary Digital Publishing Institute}
}

@inproceedings{haksar2018distributed,
  title={Distributed deep reinforcement learning for fighting forest fires with a network of aerial robots},
  author={Haksar, Ravi N and Schwager, Mac},
  booktitle={2018 IEEE/RSJ International Conference on Intelligent Robots and Systems (IROS)},
  pages={1067--1074},
  year={2018},
  organization={IEEE}
}

@inproceedings{yu2018reinforcement,
  title={Reinforcement learning and convolutional neural network system for firefighting rescue robot},
  author={Yu, Tien Kun and Chieh, Yang Ming and Samani, Hooman},
  booktitle={MATEC Web of Conferences},
  volume={161},
  pages={03028},
  year={2018},
  organization={EDP Sciences}
}

@article{fridman2018deeptraffic,
  title={Deeptraffic: Crowdsourced hyperparameter tuning of deep reinforcement learning systems for multi-agent dense traffic navigation},
  author={Fridman, Lex and Terwilliger, Jack and Jenik, Benedikt},
  journal={arXiv preprint arXiv:1801.02805},
  year={2018}
}

@article{xu2018hierarchical,
  title={Hierarchical Deep Reinforcement Learning Agent with Counter Self-play on Competitive Games},
  author={Xu, Huazhe and Paster, Keiran and Chen, Qibin and Tang, Haoran and Abbeel, Pieter and Darrell, Trevor and Levine, Sergey},
  year={2018}
}

@article{wang2019competitive,
  title={Competitive Multi-Agent Deep Reinforcement Learning with Counterfactual Thinking},
  author={Wang, Yue and Wan, Yao and Zhang, Chenwei and Cui, Lixin and Bai, Lu and Yu, Philip S},
  journal={arXiv preprint arXiv:1908.04573},
  year={2019}
}

@inproceedings{mckenzie2017competitive,
  title={Competitive reinforcement learning in atari games},
  author={McKenzie, Mark and Loxley, Peter and Billingsley, William and Wong, Sebastien},
  booktitle={Australasian Joint Conference on Artificial Intelligence},
  pages={14--26},
  year={2017},
  organization={Springer}
}

@inproceedings{gupta2017cooperative,
  title={Cooperative multi-agent control using deep reinforcement learning},
  author={Gupta, Jayesh K and Egorov, Maxim and Kochenderfer, Mykel},
  booktitle={International Conference on Autonomous Agents and Multiagent Systems},
  pages={66--83},
  year={2017},
  organization={Springer}
}

@article{tampuu2017multiagent,
  title={Multiagent cooperation and competition with deep reinforcement learning},
  author={Tampuu, Ardi and Matiisen, Tambet and Kodelja, Dorian and Kuzovkin, Ilya and Korjus, Kristjan and Aru, Juhan and Aru, Jaan and Vicente, Raul},
  journal={PloS one},
  volume={12},
  number={4},
  year={2017},
  publisher={Public Library of Science}
}

@article{hernandez2019survey,
  title={A survey and critique of multiagent deep reinforcement learning},
  author={Hernandez-Leal, Pablo and Kartal, Bilal and Taylor, Matthew E},
  journal={Autonomous Agents and Multi-Agent Systems},
  volume={33},
  number={6},
  pages={750--797},
  year={2019},
  publisher={Springer}
}

@inproceedings{mnih2016asynchronous,
  title={Asynchronous methods for deep reinforcement learning},
  author={Mnih, Volodymyr and Badia, Adria Puigdomenech and Mirza, Mehdi and Graves, Alex and Lillicrap, Timothy and Harley, Tim and Silver, David and Kavukcuoglu, Koray},
  booktitle={International conference on machine learning},
  pages={1928--1937},
  year={2016}
}

@article{barros2020chef,
  title={The Chef's Hat Simulation Environment for Reinforcement-Learning-Based Agents},
  author={Barros, Pablo and Bloem, Anne C and Hootsmans, Inge M and Opheij, Lena M and Toebosch, Romain HA and Barakova, Emilia and Sciutti, Alessandra},
  journal={arXiv preprint arXiv:2003.05861},
  year={2020}
}

@article{shoham2003multi,
  title={Multi-agent reinforcement learning: a critical survey},
  author={Shoham, Yoav and Powers, Rob and Grenager, Trond},
  journal={Web manuscript},
  year={2003}
}

@article{gosavi2009reinforcement,
  title={Reinforcement learning: A tutorial survey and recent advances},
  author={Gosavi, Abhijit},
  journal={INFORMS Journal on Computing},
  volume={21},
  number={2},
  pages={178--192},
  year={2009},
  publisher={INFORMS}
}

@article{kiumarsi2017optimal,
  title={Optimal and autonomous control using reinforcement learning: A survey},
  author={Kiumarsi, Bahare and Vamvoudakis, Kyriakos G and Modares, Hamidreza and Lewis, Frank L},
  journal={IEEE transactions on neural networks and learning systems},
  volume={29},
  number={6},
  pages={2042--2062},
  year={2017},
  publisher={IEEE}
}

@inproceedings{tokic2010adaptive,
  title={Adaptive $\varepsilon$-greedy exploration in reinforcement learning based on value differences},
  author={Tokic, Michel},
  booktitle={Annual Conference on Artificial Intelligence},
  pages={203--210},
  year={2010},
  organization={Springer}
}

@article{painter2012greedy,
  title={Greedy algorithms for sparse reinforcement learning},
  author={Painter-Wakefield, Christopher and Parr, Ronald},
  journal={arXiv preprint arXiv:1206.6485},
  year={2012}
}

@inproceedings{efroni2018multiple,
  title={Multiple-step greedy policies in approximate and online reinforcement learning},
  author={Efroni, Yonathan and Dalal, Gal and Scherrer, Bruno and Mannor, Shie},
  booktitle={Advances in Neural Information Processing Systems},
  pages={5238--5247},
  year={2018}
}